@misc{redditomedio,
  title = {Il Sole 24 ore: stipendi d'Italia},
  howpublished = {\url{https://www.ilsole24ore.com/art/stipendi-d-italia-ecco-retribuzioni-nord-sud-milano-testa-vibo-valentia-coda-AE09l96E}},
  note = {Consultato: 2019-03-28}
}

@misc{kiabi,
  title = {Kiabi.com},
  howpublished = {\url{https://www.kiabi.it/}},
  note = {Consultato: 2019-03-14}
}

@misc{istat,
  title = {ISTAT: indagine sul budget delle famiglie},
  howpublished = {\url{http://siqual.istat.it/SIQual/visualizza.do?id=0021002}},
  note = {Consultato: 2019-04-30}
}

@misc{gt,
  title = {Google Trends},
  howpublished = {\url{https://trends.google.it/trends/?geo=IT}},
  note = {Consultato: 2019-04-17}
}







